@article{dahill2001secure,
  title={{A secure routing protocol for ad hoc networks}},
  author={Dahill, B. and Levine, B.N. and Royer, E. and Shields, C.},
  journal={Electrical Engineering and Computer Science, University of Michigan, Tech. Rep. UM-CS-2001-037},
  year={2001}
}

@article{sanzgiri2002secure,
  title={{A secure routing protocol for ad hoc networks}},
  author={Sanzgiri, K. and Dahill, B. and Levine, B.N. and Shields, C. and Belding-Royer, E.M.},
  issn={1092-1648},
  year={2002},
  publisher={IEEE Computer Society},
  journal ={Network Protocols, IEEE International Conference on},
  volume = {0},
  pages = {78},
  doi = {http://doi.ieeecomputersociety.org/10.1109/ICNP.2002.1181388},
  address = {Los Alamitos, CA, USA},
}

@book{ffi_2005_04015,
  title={{Ad Hoc networks used in emergency networks : the Trust Metric Routing approach}},
  author={Eli Winjum and P{\aa}l Spilling and {\O}yvind Kure},
  publisher={FFI Rapport},
  year={2006}
}

@TechReport{oasis_report,
  author = 	 {Ingrid Storruste Svagard},
  title = 	 {Information Security for Field Workers in Crisis Situations},
  institution = {SINTEF ICT},
  year = {2008},
  address = {\url{http://www.oasis-fp6.org/documents/OASIS_SP24_DDD_253_security_SIN_1_0_pub.pdf}}
}

@CONFERENCE{5683058,
title={{Security requirements for MANETs used in emergency and rescue operations}},
  author={Tondel, I.A. and Jaatun, M.G. and Nyre, A.A.},
  booktitle={Security and Communication Networks (IWSCN), 2009 Proceedings of the 1st International Workshop on},
  pages={1--7},
  organization={IEEE},
  year={2009}
}

@INPROCEEDINGS{nyre2009secure,
  title={{A secure MANET routing protocol for first responders}},
  author={Nyre, A.A. and Jaatun, M.G. and T{\o}ndel, I.A.},
  booktitle={Security and Communication Networks (IWSCN), 2009 Proceedings of the 1st International Workshop on},
  pages={1--7},
  organization={IEEE},
  year={2009}
}

@article{zimmermann1980osi,
  title={{OSI reference model--The ISO model of architecture for open systems interconnection}},
  author={Zimmermann, H.},
  journal={Communications, IEEE Transactions on},
  volume={28},
  number={4},
  pages={425--432},
  issn={0090-6778},
  year={1980},
  publisher={IEEE}
}

@ARTICLE{batman_rfc,
	Author = {Alex Neumann and Corinna Aichele and Marek Lindner and Simon Wunderlich},
	Journal = {Network Working Group},
	Note = {\url{http://tools.ietf.org/html/draft-wunderlich-openmesh-manet-routing-00}},
	Title = {{Better Approach To Ad-Hoc Networking (B.A.T.M.A.N) draft-wunderlich-open-mesh-manet-routing-00}},
	Year = {Last accessed December 19, 2010}
}

@article{why-starting-batman,
	Author = {Open Mesh},
	Journal = {open-mesh.org},
	Note = {\url{http://www.open-mesh.org/wiki/why-starting-batman}},
	Title = {\emph{Why starting B.A.T.M.A.N.?}},
	Year = {Last accessed december 19, 2010}
}

@article{hosseinisecure,
  title={{A Secure Mobile Ad hoc Network Based on Distributed Certificate Authority}},
  author = {Hosseini Seno, Seyed and Budiarto, Rahmat and Wan, Tat-Chee},
  journal={Arabian Journal for Science and Engineering},
  pages = {245-257},
  issn={1319-8025},
  publisher = {Springer Berlin Heidelberg},
  year = {2011}
}

@incollection {springerlink:Haimabati,
   author = {Dey, Haimabati and Datta, Raja},
   affiliation = {Dept. of Electronics &amp; ECE, Indian Institute of Technology Kharagpur, Kharagpur, India},
   title = {A Threshold Cryptography Based Authentication Scheme for Mobile Ad-hoc Network},
   booktitle = {Advances in Networks and Communications},
   series = {Communications in Computer and Information Science},
   editor = {Meghanathan, Natarajan and Kaushik, Brajesh Kumar and Nagamalai, Dhinaharan},
   publisher = {Springer Berlin Heidelberg},
   isbn = {978-3-642-17878-8},
   keyword = {Computer Science},
   pages = {400-409},
   volume = {132},
   url = {\url{http://dx.doi.org/10.1007/978-3-642-17878-8_41}},
   year = {2011}
}

@techreport{rfc3820,
  title={{Internet X.509 Public Key Infrastructure Proxy Certificate Profile}},
  author={Steven Tuecke and Doug Engert and Mary Thompson and Laura Pearlman and Von Welch},
  note = {\url{http://tools.ietf.org/html/rfc3820}},
  institution = {{RFC Editor}},
  year={2004}
}

@conference{foster1998security,
  title={{A Security Architecture for Computational Grids}},
  author={Foster, I. and Kesselman, C. and Tsudik, G. and Tuecke, S.},
  booktitle={Proceedings of the 5th ACM conference on Computer and communications security},
  pages={83--92},
  isbn={1581130074},
  year={1998},
  organization={ACM}
}




@Misc{lawrie:technotes,
  author = {Lawrie Brown},
  institution = {UNSW@ADFA},
  title = {{Using Proxy Certificates for Mobile and Other Authentication Needs}},
  year = {2010},
  note = {\url{http://www.unsw.adfa.edu.au/~lpb/papers/ssp10/xpc-mob-10a.html}},
  annote = {Last Accessed: \today}
}


%Old -> from the project




@article{open_mesh_v,
	Author = {Open Mesh},
	Journal = {open-mesh.org},
	Note = {\url{http://www.open-mesh.org/wiki/2010-12-12-batman-v-status-update}},
	Title = {\emph{B.A.T.M.A.N. V status update}},
	Year = {Last accessed december 19, 2010}
}


@book{sheu2005handbook,
  title={{Handbook on Theoretical and Algorithmic Aspects of Sensor, Ad Hoc Wireless, and Peer-to-Peer Networks}},
  author={Jang-Ping Sheu and Jie Wu},
  year={2005},
  publisher={Auerbach Publishers}
}


@book{nicopolitidis2003wireless,
  title={{Wireless networks}},
  author={Petros Nicopolitidis and Mohammad Salameh Obaidat and Georgios I. Papadimitriou and Andreas S. Pomportsis},
  year={2003},
  publisher={Wiley}
}


@book{toh2001ad,
  title={{Ad Hoc Wireless Networks: Protocols and Systems}},
  author={Chai-Keong Toh},
  year={2001},
  publisher={Prentice Hall PTR Upper Saddle River, NJ, USA}
}


@book{murthy-ad,
  title={{Ad Hoc Wireless Networks: Architectures and Protocols}},
  author={C. Siva Ram Murthy and B. S. Manoj},
  publisher={Prentice Hall PTR Upper Saddle River, NJ, USA},
  year = {2004}
}




@article{clausen2003rfc3626,
  title={{Optimized Link State Routing Protocol (OLSR)}},
  author={Thomas Heide Clausen and Philippe Jacquet},
  journal={Network Working Group},
  note = {\url{http://tools.ietf.org/html/rfc3626}},
  year = {Last accessed December 19, 2010}
}



@book{stallings2006cryptography,
  title={{Cryptography and Network Security: Principles and Practice}},
  author={William Stallings},
  edition = {4th},
  year={2006},
  publisher={Prentice Hall}
}

@INPROCEEDINGS{hsu2002intranet,
author={Yung-Kao Hsu and Stephen Seymour},
booktitle={Enabling Technologies: Infrastructure for Collaborative Enterprises, 1997., Proceedings Sixth IEEE workshops on}, 
title={Intranet security framework based on short-lived certificates},
year={1998},
pages={228 -234}
}


@rfc{Farrell:2002:IAC:RFC3281,
 author = {Farrell, S. and Housley, R.},
 title = {An Internet Attribute Certificate Profile for Authorization},
 year = {2002},
 publisher = {RFC Editor},
 address = {United States},
} 


@book{edney2004real,
  title={{Real 802.11 Security: Wi-Fi Protected Access and 802.11 i}},
  author={Jon Edney and William A. Arbaugh},
  year={2004},
  publisher={Addison Wesley Publishing Company}
}


@article{citeulike:6535654,
    keywords = {80211\_2007, tesis\_80211\_2007},
    month = {June},
    title = {{IEEE Std. 802.11-2007, Part 11{:} Wireless LAN Medium Access Control (MAC) and Physical Layer (PHY) Specifications}},
    year = {2007},
    journal = {{IEEE Std. 802.11, 2007}},
    author = {{IEEE Standards Association}}
}


@INPROCEEDINGS{1625756,
author={Al-Sakib Khan Pathan and Hyung-Woo Lee and Choong Seon Hong},
booktitle={Advanced Communication Technology, 2006. ICACT 2006. The 8th International Conference}, 
title={Security in Wireless Sensor Networks: Issues and Cshallenges},
year={2006},
pages={6 pp. -1048}
}

@conference{zafar2008using,
  title={{Using Organization Knowledge to Improve Routing Performance in Wireless Multi-Agent Networks}},
  author={Huzaifa Zafar and Victor Lesser and daniel Corkill and Deepak Ganesan},
  booktitle={Proceedings of the 7th international joint conference on Autonomous agents and multiagent systems-Volume 2},
  pages={821--828},
  year={2008},
  organization={International Foundation for Autonomous Agents and Multiagent Systems}
}

@ARTICLE{1269716,
author={Hao Yang and Haiyun Luo and Fan Ye and Songwu Lu and Lixia Zhang},
journal={Wireless Communications, IEEE}, 
title={Security in Mobile Ad Hoc Networks: Challenges and Solutions},
year={2004},
pages={38 - 47},
}

@ARTICLE{806983,
author={Lidong Zhou and Zygmunt J. Haas},
journal={Network, IEEE}, 
title={{Securing Ad Hoc Networks}},
year={1999},
pages={24 -30},
}

@book{kurosecomputer,
  title={{Computer Networking: A Top-Down Approach Featuring the Internet}},
  edition = {5rd},
  year = {2009},
  author={James Kurose and Keith Ross},
  publisher={{Pearson Education}}
}


